@Book{kopka04,
  author    = {Kopka, Helmut and Daly, Patrick W.},
  title     = {Guide to \LaTeX},
  publisher = {Addison-Wesley},
  year      = {2004},
  edition   = {4},
}

@Book{goossens04,
  author =    {Mittelbach, Frank and Goossens, Michel},
  title =     {The \LaTeX{} Companion},
  publisher = {Addison-Wesley},
  year =      {2004},
  edition =   {2},
}

@Book{Thomson:2013zua,
  author =    {Thomson, Mark},
  title =     {Modern Particle Physics},
  publisher = {Cambridge University Press},
  year =      {2013},
  edition =   {1},
}
